Automatically generated by Mendeley Desktop 1.12.1
Any changes to this file will be lost if it is regenerated by Mendeley.

BibTeX export options can be customized via Options -> BibTeX in Mendeley Desktop

@inproceedings{Dubinsky2012,
abstract = {In this paper we present our study on the implementation of the retrospective practice in software development projects. Specifically, we describe the retrospective practice and present its impact on the development process of a specific large-scale project. Our study shows that a team can steer its process evolution systematically by retrospectives, identifying process issues, discussing their nature, and deciding on mechanisms for their improvement. For the purpose of our research, we use five process elements: work procedures, policies, metrics, roles, and decision rights. Based on the data analysis of the retrospectives conducted in our case study, we illustrate each category and demonstrate how it is refined along the project timeline. We suggest using the retrospective practice as a qualitative data gathering tool that assists the governance process of a development project. © 2012 IEEE.},
author = {Dubinsky, Yael and Hazzan, Orit},
booktitle = {2012 IEEE International Conference on Software Science, Technology and Engineering},
doi = {10.1109/SWSTE.2012.11},
file = {:home/bjodol/Dropbox/Fordypningsprosjekter h\o st 2014/Ferdig artikkels\o k Alf og Bj\o rn Score 7 og opp/Software governance using retrospectives A case study.pdf:pdf},
isbn = {978-1-4673-1721-4},
keywords = {Scopus,process lifecycle,reflective practitioner,retrospectivse,software governance},
mendeley-tags = {Scopus},
month = jun,
pages = {40--45},
publisher = {IEEE},
title = {{Software Governance Using Retrospectives: A Case Study}},
url = {http://www.scopus.com/inward/record.url?eid=2-s2.0-84864835853\&partnerID=tZOtx3y1},
year = {2012}
}
@article{Kitzmiller2006,
author = {Kitzmiller, Rebecca and Hunt, Eleanor and Sproat, Sara Breckenridge},
doi = {10.1097/00024665-200603000-00005},
file = {::},
issn = {1538-2931},
journal = {CIN: Computers, Informatics, Nursing},
keywords = {agility,implementation,nursing informatics,project management,systems},
month = mar,
number = {2},
pages = {75--82},
title = {{Adopting Best Practices}},
url = {http://content.wkhealth.com/linkback/openurl?sid=WKPTLP:landingpage\&an=00024665-200603000-00005},
volume = {24},
year = {2006}
}
@article{Drury2012,
author = {Drury, Meghann and Conboy, Kieran and Power, Ken},
doi = {10.1016/j.jss.2012.01.058},
file = {:home/bjodol/Dropbox/Fordypningsprosjekter h\o st 2014/Ferdig artikkels\o k Alf og Bj\o rn Score 7 og opp/Obstacles to decision making in Agile software development teams.pdf:pdf},
issn = {01641212},
journal = {Journal of Systems and Software},
keywords = {agile decision making,agile project management,agile software development},
month = jun,
number = {6},
pages = {1239--1254},
publisher = {Elsevier Inc.},
title = {{Obstacles to decision making in Agile software development teams}},
url = {http://linkinghub.elsevier.com/retrieve/pii/S0164121212000374},
volume = {85},
year = {2012}
}
@article{Syed-Abdullah2006,
author = {Syed-Abdullah, Sharifah and Holcombe, Mike and Gheorge, Marian},
doi = {10.1007/s10664-006-5968-5},
file = {::},
issn = {1382-3256},
journal = {Empirical Software Engineering},
keywords = {agile methodology,anxiety,contentment,depression,enthusiasm,extreme programming,se teams,work related well being},
month = feb,
number = {1},
pages = {143--167},
title = {{The Impact of an Agile Methodology on the Well Being of Development Teams}},
url = {http://link.springer.com/10.1007/s10664-006-5968-5},
volume = {11},
year = {2006}
}
@article{Misra2009,
annote = {used keywords agile practices and sorted on citations. },
author = {Misra, Subhas Chandra and Kumar, Vinod and Kumar, Uma},
doi = {10.1016/j.jss.2009.05.052},
file = {:home/bjodol/.local/share/data/Mendeley Ltd./Mendeley Desktop/Downloaded/Misra, Kumar, Kumar - 2009 - Identifying some important success factors in adopting agile software development practices.pdf:pdf},
issn = {01641212},
journal = {Journal of Systems and Software},
month = nov,
number = {11},
pages = {1869--1890},
publisher = {Elsevier Inc.},
title = {{Identifying some important success factors in adopting agile software development practices}},
url = {http://linkinghub.elsevier.com/retrieve/pii/S016412120900123X},
volume = {82},
year = {2009}
}
@article{Hanssen2008,
author = {Hanssen, Geir K. and F\ae gri, Tor E.},
doi = {10.1016/j.jss.2007.10.025},
file = {::},
issn = {01641212},
journal = {Journal of Systems and Software},
keywords = {agile software development,software product development,software product line engineering,software product management},
month = jun,
number = {6},
pages = {843--854},
title = {{Process fusion: An industrial case study on agile software product line engineering}},
url = {http://linkinghub.elsevier.com/retrieve/pii/S0164121207002518},
volume = {81},
year = {2008}
}
@article{Padberg2007,
author = {Padberg, Frank and Tichy, Walter},
doi = {10.1007/s11576-007-0046-1},
file = {::},
issn = {0937-6429},
journal = {Wirtschaftsinformatik},
keywords = {agile methoden,extreme programming,schlanke produktion,softwarepro-},
month = jun,
number = {3},
pages = {162--170},
title = {{Schlanke Produktionsweisen in der modernen Softwareentwicklung}},
url = {http://link.springer.com/10.1007/s11576-007-0046-1},
volume = {49},
year = {2007}
}
@article{Bjørnson2009,
annote = {Used post mortem as keyword with no sorting from the ACM database},
author = {Bj\o rnson, Finn Olav and Wang, Alf Inge and Arisholm, Erik},
doi = {10.1016/j.infsof.2008.02.003},
file = {:home/bjodol/.local/share/data/Mendeley Ltd./Mendeley Desktop/Downloaded/Bj\o rnson, Wang, Arisholm - 2009 - Improving the effectiveness of root cause analysis in post mortem analysis A controlled experiment.pdf:pdf},
issn = {09505849},
journal = {Information and Software Technology},
keywords = {controlled experiment,knowledge management,post mortem analysis,retrospective method,software process improvement},
month = jan,
number = {1},
pages = {150--161},
title = {{Improving the effectiveness of root cause analysis in post mortem analysis: A controlled experiment}},
url = {http://linkinghub.elsevier.com/retrieve/pii/S095058490800030X},
volume = {51},
year = {2009}
}
@article{Qumer2008,
author = {Qumer, a. and Henderson-Sellers, B.},
doi = {10.1016/j.jss.2007.12.806},
file = {::},
issn = {01641212},
journal = {Journal of Systems and Software},
keywords = {agile methodologies,framework,industry case studies,transition to agile},
month = nov,
number = {11},
pages = {1899--1919},
title = {{A framework to support the evaluation, adoption and improvement of agile methods in practice}},
url = {http://linkinghub.elsevier.com/retrieve/pii/S0164121208000113},
volume = {81},
year = {2008}
}
@article{Senapathi2012,
author = {Senapathi, Mali and Srinivasan, Ananth},
doi = {10.1016/j.jss.2012.02.025},
file = {::},
issn = {01641212},
journal = {Journal of Systems and Software},
keywords = {post-adoptive agile usage},
month = jun,
number = {6},
pages = {1255--1268},
publisher = {Elsevier Inc.},
title = {{Understanding post-adoptive agile usage: An exploratory cross-case analysis}},
url = {http://linkinghub.elsevier.com/retrieve/pii/S0164121212000489},
volume = {85},
year = {2012}
}
@article{Paasivaara2014,
author = {Paasivaara, Maria and Lassenius, Casper},
doi = {10.1016/j.infsof.2014.06.008},
file = {::},
issn = {09505849},
journal = {Information and Software Technology},
keywords = {communities of practice,large-scale agile software development},
month = dec,
number = {12},
pages = {1556--1577},
publisher = {Elsevier B.V.},
title = {{Communities of practice in a large distributed agile software development organization – Case Ericsson}},
url = {http://linkinghub.elsevier.com/retrieve/pii/S0950584914001475},
volume = {56},
year = {2014}
}
@article{Meso2006,
author = {Meso, Peter and Jain, Radhika},
doi = {10.1201/1078.10580530/46108.23.3.20060601/93704.3},
file = {::},
issn = {1058-0530},
journal = {Information Systems Management},
month = jun,
number = {3},
pages = {19--30},
title = {{Agile Software Development: Adaptive Systems Principles and Best Practices}},
url = {http://www.tandfonline.com/doi/abs/10.1201/1078.10580530/46108.23.3.20060601/93704.3},
volume = {23},
year = {2006}
}
@article{Chow2008,
annote = {used keywords agile practices and sorted on citations. },
author = {Chow, Tsun and Cao, Dac-Buu},
doi = {10.1016/j.jss.2007.08.020},
file = {:home/bjodol/.local/share/data/Mendeley Ltd./Mendeley Desktop/Downloaded/Chow, Cao - 2008 - A survey study of critical success factors in agile software projects.pdf:pdf},
issn = {01641212},
journal = {Journal of Systems and Software},
keywords = {agile methods,critical success factors,software development},
month = jun,
number = {6},
pages = {961--971},
title = {{A survey study of critical success factors in agile software projects}},
url = {http://linkinghub.elsevier.com/retrieve/pii/S0164121207002208},
volume = {81},
year = {2008}
}
@article{Pikkarainen2008,
annote = {Found in ACM Databse using keyword retrospective scrum and sorting by citations.},
author = {Pikkarainen, M. and Haikara, J. and Salo, O. and Abrahamsson, P. and Still, J.},
doi = {10.1007/s10664-008-9065-9},
file = {:home/bjodol/.local/share/data/Mendeley Ltd./Mendeley Desktop/Downloaded/Pikkarainen et al. - 2008 - The impact of agile practices on communication in software development.pdf:pdf},
issn = {1382-3256},
journal = {Empirical Software Engineering},
month = may,
number = {3},
pages = {303--337},
title = {{The impact of agile practices on communication in software development}},
url = {http://link.springer.com/10.1007/s10664-008-9065-9},
volume = {13},
year = {2008}
}
@article{Salo2008,
author = {Salo, O. and Abrahamsson, P.},
doi = {10.1049/iet-sen:20070038},
file = {::},
issn = {17518806},
journal = {IET Software},
number = {1},
pages = {58},
title = {{Agile methods in European embedded software development organisations: a survey on the actual use and usefulness of Extreme Programming and Scrum}},
url = {http://digital-library.theiet.org/content/journals/10.1049/iet-sen\_20070038},
volume = {2},
year = {2008}
}
@article{Wood2013,
author = {Wood, Stephen and Michaelides, George and Thomson, Chris},
doi = {10.1016/j.infsof.2012.10.002},
file = {::},
issn = {09505849},
journal = {Information and Software Technology},
keywords = {Agile methods,Cooperation,Extreme programming,Performance,Software development,Teamwork,software development},
month = apr,
number = {4},
pages = {660--672},
title = {{Successful extreme programming: Fidelity to the methodology or good teamworking?}},
url = {http://linkinghub.elsevier.com/retrieve/pii/S0950584912002091},
volume = {55},
year = {2013}
}
@article{Conboy2010,
author = {Conboy, Kieran and Fitzgerald, Brian},
doi = {10.1145/1767751.1767753},
file = {::},
issn = {1049331X},
journal = {ACM Transactions on Software Engineering and Methodology},
month = jun,
number = {1},
pages = {1--30},
title = {{Method and developer characteristics for effective agile method tailoring}},
url = {http://portal.acm.org/citation.cfm?doid=1767751.1767753},
volume = {20},
year = {2010}
}
@article{Stray2012,
author = {Stray, Viktoria Gulliksen and Moe, Nils Brede and Aurum, Aybuke},
doi = {10.1109/SEAA.2012.16},
file = {:home/bjodol/Dropbox/Fordypningsprosjekter h\o st 2014/Ferdig artikkels\o k Alf og Bj\o rn Score 7 og opp/Investigating Daily Team Meetings in Agile Software Projects.pdf:pdf},
isbn = {978-0-7695-4790-9},
journal = {2012 38th Euromicro Conference on Software Engineering and Advanced Applications},
keywords = {agile software development,case study,communication,coordination,daily meeting,decision-making,scrum,software engineering,stand-up meeting},
month = sep,
pages = {274--281},
publisher = {Ieee},
title = {{Investigating Daily Team Meetings in Agile Software Projects}},
url = {http://ieeexplore.ieee.org/lpdocs/epic03/wrapper.htm?arnumber=6328161},
year = {2012}
}
@article{Lee2009,
author = {Lee, Seiyoung and Yong, Hwan-Seung},
doi = {10.1007/s10664-009-9119-7},
file = {::},
issn = {1382-3256},
journal = {Empirical Software Engineering},
keywords = {agile methods,distributed software development,scrum,software globalization},
month = oct,
number = {2},
pages = {204--217},
title = {{Distributed agile: project management in a global environment}},
url = {http://link.springer.com/10.1007/s10664-009-9119-7},
volume = {15},
year = {2009}
}
@article{Lindvall2004,
annote = {used keywords agile practices and sorted on citations. },
author = {Lindvall, Mikael and Muthig, Dirk and Wallin, Christina and Dagnino, Aldo and Stupperich, Michael and Kiefer, David and May, John and Kahkonen, Tuomo},
file = {:home/bjodol/.local/share/data/Mendeley Ltd./Mendeley Desktop/Downloaded/Practices - 2004 - Agile Software Development in Large Organizations.pdf:pdf},
title = {{Agile Software Development in Large Organizations}},
year = {2004}
}
@article{Wang2012,
author = {Wang, Xiaofeng and Conboy, Kieran and Cawley, Oisin},
doi = {10.1016/j.jss.2012.01.061},
file = {:home/bjodol/Dropbox/Fordypningsprosjekter h\o st 2014/Ferdig artikkels\o k Alf og Bj\o rn Score 7 og opp/Leagile software development An experience report analysis of the application of lean approaches in agile software development.pdf:pdf},
issn = {01641212},
journal = {Journal of Systems and Software},
keywords = {agile software development,lean software development},
month = jun,
number = {6},
pages = {1287--1299},
publisher = {Elsevier Inc.},
title = {{“Leagile” software development: An experience report analysis of the application of lean approaches in agile software development}},
url = {http://linkinghub.elsevier.com/retrieve/pii/S0164121212000404},
volume = {85},
year = {2012}
}
@article{Drury-Grogan2013,
author = {Drury-Grogan, Meghann L. and O'Dwyer, Orla},
doi = {10.1142/S0219622013400105},
file = {::},
issn = {0219-6220},
journal = {International Journal of Information Technology \& Decision Making},
keywords = {agile teams,daily scrum,decision process,decision-making,making,rational decision-,sprint planning},
month = nov,
number = {06},
pages = {1097--1120},
title = {{an Investigation of the Decision-Making Process in Agile Teams}},
url = {http://www.worldscientific.com/doi/abs/10.1142/S0219622013400105},
volume = {12},
year = {2013}
}
@article{Strode2012,
author = {Strode, Diane E. and Huff, Sid L. and Hope, Beverley and Link, Sebastian},
doi = {10.1016/j.jss.2012.02.017},
file = {::},
issn = {01641212},
journal = {Journal of Systems and Software},
month = jun,
number = {6},
pages = {1222--1238},
publisher = {Elsevier Inc.},
title = {{Coordination in co-located agile software development projects}},
url = {http://linkinghub.elsevier.com/retrieve/pii/S0164121212000465},
volume = {85},
year = {2012}
}
@article{Vijayasarathy2012,
author = {Vijayasarathy, Leo and Turk, Dan},
doi = {10.1016/j.infsof.2011.08.003},
file = {::},
issn = {09505849},
journal = {Information and Software Technology},
keywords = {agile software development},
month = feb,
number = {2},
pages = {137--148},
publisher = {Elsevier B.V.},
title = {{Drivers of agile software development use: Dialectic interplay between benefits and hindrances}},
url = {http://linkinghub.elsevier.com/retrieve/pii/S0950584911001807},
volume = {54},
year = {2012}
}
@article{Korhonen2012,
author = {Korhonen, Kirsi},
doi = {10.1007/s11219-012-9189-4},
file = {::},
issn = {0963-9314},
journal = {Software Quality Journal},
keywords = {adoption,agile software development \'{a},agile transformation \'{a} defect,distributed development \'{a} agile,management \'{a}},
month = nov,
number = {4},
pages = {599--624},
title = {{Evaluating the impact of an agile transformation: a longitudinal case study in a distributed context}},
url = {http://link.springer.com/10.1007/s11219-012-9189-4},
volume = {21},
year = {2012}
}
@article{Tessem2014,
author = {Tessem, Bj\o rnar},
doi = {10.1016/j.infsof.2014.02.005},
file = {:home/bjodol/Dropbox/Fordypningsprosjekter h\o st 2014/Ferdig artikkels\o k Alf og Bj\o rn Score 7 og opp/Individual empowerment of agile and non-agile software developers in small teams.pdf:pdf},
issn = {09505849},
journal = {Information and Software Technology},
keywords = {software development},
month = aug,
number = {8},
pages = {873--889},
title = {{Individual empowerment of agile and non-agile software developers in small teams}},
url = {http://linkinghub.elsevier.com/retrieve/pii/S0950584914000470},
volume = {56},
year = {2014}
}
@article{Terzakis2011,
author = {Terzakis, John},
doi = {10.1109/MS.2011.68},
file = {:home/bjodol/Dropbox/Fordypningsprosjekter h\o st 2014/Ferdig artikkels\o k Alf og Bj\o rn Score 7 og opp/Virtual retrospectives for geographically dispersed software teams.pdf:pdf},
issn = {0740-7459},
journal = {IEEE Software},
month = may,
number = {3},
pages = {12--15},
title = {{Virtual Retrospectives for Geographically Dispersed Software Teams}},
url = {http://ieeexplore.ieee.org/lpdocs/epic03/wrapper.htm?arnumber=5756291},
volume = {28},
year = {2011}
}
@article{Holmstrom2006,
author = {Holmstr\"{o}m, Helena and Fitzgerald, Brian and \AA gerfalk, P\"{a}r J. and Conch\'{u}ir, Eoin \'{O}.},
doi = {10.1201/1078.10580530/46108.23.3.20060601/93703.2},
file = {::},
issn = {1058-0530},
journal = {Information Systems Management},
month = jun,
number = {3},
pages = {7--18},
title = {{Agile Practices Reduce Distance in Global Software Development}},
url = {http://www.tandfonline.com/doi/abs/10.1201/1078.10580530/46108.23.3.20060601/93703.2},
volume = {23},
year = {2006}
}
@article{Drury-Grogan2014,
author = {Drury-Grogan, Meghann L.},
doi = {10.1016/j.infsof.2013.11.003},
file = {::},
issn = {09505849},
journal = {Information and Software Technology},
month = may,
number = {5},
pages = {506--515},
publisher = {Elsevier B.V.},
title = {{Performance on agile teams: Relating iteration objectives and critical decisions to project management success factors}},
url = {http://linkinghub.elsevier.com/retrieve/pii/S0950584913002176},
volume = {56},
year = {2014}
}
