Automatically generated by Mendeley Desktop 1.12.2
Any changes to this file will be lost if it is regenerated by Mendeley.

BibTeX export options can be customized via Options -> BibTeX in Mendeley Desktop

@article{Moe,
author = {Moe, Nils Brede and Dings\o yr, Torgeir and Nytr\o, \O ystein},
file = {:home/bjodol/Dropbox/Fordypningsprosjekter h\o st 2014/Ferdig artikkels\o k Alf og Bj\o rn Score 7 og opp/Augmenting Experience Reports with Lightweight Postmortem Reviews.pdf:pdf},
journal = {PROFES 2001},
pages = {167--181},
title = {{Augmenting Experience Reports with Lightweight Postmortem Reviews}},
year = {2001}
}
@article{Pikkarainen2008,
annote = {Found in ACM Databse using keyword retrospective scrum and sorting by citations.},
author = {Pikkarainen, M. and Haikara, J. and Salo, O. and Abrahamsson, P. and Still, J.},
doi = {10.1007/s10664-008-9065-9},
file = {:home/bjodol/.local/share/data/Mendeley Ltd./Mendeley Desktop/Downloaded/Pikkarainen et al. - 2008 - The impact of agile practices on communication in software development.pdf:pdf},
issn = {1382-3256},
journal = {Empirical Software Engineering},
month = may,
number = {3},
pages = {303--337},
title = {{The impact of agile practices on communication in software development}},
url = {http://link.springer.com/10.1007/s10664-008-9065-9},
volume = {13},
year = {2008}
}
@article{Bjarnason2012,
author = {Bjarnason, Elizabeth and Regnell, Bj\"{o}rn},
file = {:home/bjodol/Dropbox/Fordypningsprosjekter h\o st 2014/Ferdig artikkels\o k Alf og Bj\o rn Score 7 og opp/Evidence-Based Timelines for Agile Project Retrospectives – A Method Proposal chapter.pdf:pdf},
keywords = {agile,retrospective,software process,software visualization},
pages = {177--184},
title = {{Evidence-Based Timelines for Agile Project Retrospectives – A Method Proposal}},
year = {2012}
}
@article{Wang2012,
author = {Wang, Xiaofeng and Conboy, Kieran and Cawley, Oisin},
doi = {10.1016/j.jss.2012.01.061},
file = {:home/bjodol/Dropbox/Fordypningsprosjekter h\o st 2014/Ferdig artikkels\o k Alf og Bj\o rn Score 7 og opp/Leagile software development An experience report analysis of the application of lean approaches in agile software development.pdf:pdf},
issn = {01641212},
journal = {Journal of Systems and Software},
keywords = {agile software development,lean software development},
month = jun,
number = {6},
pages = {1287--1299},
publisher = {Elsevier Inc.},
title = {{“Leagile” software development: An experience report analysis of the application of lean approaches in agile software development}},
url = {http://linkinghub.elsevier.com/retrieve/pii/S0164121212000404},
volume = {85},
year = {2012}
}
@inproceedings{Dubinsky2012,
abstract = {In this paper we present our study on the implementation of the retrospective practice in software development projects. Specifically, we describe the retrospective practice and present its impact on the development process of a specific large-scale project. Our study shows that a team can steer its process evolution systematically by retrospectives, identifying process issues, discussing their nature, and deciding on mechanisms for their improvement. For the purpose of our research, we use five process elements: work procedures, policies, metrics, roles, and decision rights. Based on the data analysis of the retrospectives conducted in our case study, we illustrate each category and demonstrate how it is refined along the project timeline. We suggest using the retrospective practice as a qualitative data gathering tool that assists the governance process of a development project. © 2012 IEEE.},
author = {Dubinsky, Yael and Hazzan, Orit},
booktitle = {2012 IEEE International Conference on Software Science, Technology and Engineering},
doi = {10.1109/SWSTE.2012.11},
file = {:home/bjodol/Dropbox/Fordypningsprosjekter h\o st 2014/Ferdig artikkels\o k Alf og Bj\o rn Score 7 og opp/Software governance using retrospectives A case study.pdf:pdf},
isbn = {978-1-4673-1721-4},
keywords = {Scopus,process lifecycle,reflective practitioner,retrospectivse,software governance},
mendeley-tags = {Scopus},
month = jun,
pages = {40--45},
publisher = {IEEE},
title = {{Software Governance Using Retrospectives: A Case Study}},
url = {http://www.scopus.com/inward/record.url?eid=2-s2.0-84864835853\&partnerID=tZOtx3y1},
year = {2012}
}
@article{Tessem2014,
author = {Tessem, Bj\o rnar},
doi = {10.1016/j.infsof.2014.02.005},
file = {:home/bjodol/Dropbox/Fordypningsprosjekter h\o st 2014/Ferdig artikkels\o k Alf og Bj\o rn Score 7 og opp/Individual empowerment of agile and non-agile software developers in small teams.pdf:pdf},
issn = {09505849},
journal = {Information and Software Technology},
keywords = {software development},
month = aug,
number = {8},
pages = {873--889},
title = {{Individual empowerment of agile and non-agile software developers in small teams}},
url = {http://linkinghub.elsevier.com/retrieve/pii/S0950584914000470},
volume = {56},
year = {2014}
}
@article{Terzakis2011,
author = {Terzakis, John},
doi = {10.1109/MS.2011.68},
file = {:home/bjodol/Dropbox/Fordypningsprosjekter h\o st 2014/Ferdig artikkels\o k Alf og Bj\o rn Score 7 og opp/Virtual retrospectives for geographically dispersed software teams.pdf:pdf},
issn = {0740-7459},
journal = {IEEE Software},
month = may,
number = {3},
pages = {12--15},
title = {{Virtual Retrospectives for Geographically Dispersed Software Teams}},
url = {http://ieeexplore.ieee.org/lpdocs/epic03/wrapper.htm?arnumber=5756291},
volume = {28},
year = {2011}
}
@article{Process,
author = {Collier, Bonnie and DeMarco, Tom and Fearey, Peter},
file = {:home/bjodol/Dropbox/Fordypningsprosjekter h\o st 2014/Ferdig artikkels\o k Alf og Bj\o rn Score 7 og opp/aDefinedProcessForProjectPostMortemReview.pdf:pdf},
journal = {IEEE SOFTWARE},
title = {{A Defined Process For Project Postmortem Review}},
year = {1996}
}
@article{Tiedeman1990,
author = {Tiedeman, M.J.},
doi = {10.1109/49.46869},
file = {:home/bjodol/Dropbox/Fordypningsprosjekter h\o st 2014/Ferdig artikkels\o k Alf og Bj\o rn Score 7 og opp/Post+Mortems - Methodology and experiences.pdf:pdf},
issn = {07338716},
journal = {IEEE Journal on Selected Areas in Communications},
number = {2},
pages = {176--180},
title = {{Post-mortems-methodology and experiences}},
url = {http://ieeexplore.ieee.org/lpdocs/epic03/wrapper.htm?arnumber=46869},
volume = {8},
year = {1990}
}
@article{Derby2007,
author = {Derby, Esther and Larsen, Diana and Data, Gather},
file = {:home/bjodol/Dropbox/Fordypningsprosjekter h\o st 2014/Ferdig artikkels\o k Alf og Bj\o rn Score 7 og opp/Agile retrospectives$\backslash$: Making good teams great.pdf:pdf},
number = {2006},
title = {{Agile Retrospectives: Making Good Teams Great!}},
year = {2007}
}
@article{Drury2012,
author = {Drury, Meghann and Conboy, Kieran and Power, Ken},
doi = {10.1016/j.jss.2012.01.058},
file = {:home/bjodol/Dropbox/Fordypningsprosjekter h\o st 2014/Ferdig artikkels\o k Alf og Bj\o rn Score 7 og opp/Obstacles to decision making in Agile software development teams.pdf:pdf},
issn = {01641212},
journal = {Journal of Systems and Software},
keywords = {agile decision making,agile project management,agile software development},
month = jun,
number = {6},
pages = {1239--1254},
publisher = {Elsevier Inc.},
title = {{Obstacles to decision making in Agile software development teams}},
url = {http://linkinghub.elsevier.com/retrieve/pii/S0164121212000374},
volume = {85},
year = {2012}
}
@article{Kinoshita2008,
author = {Kinoshita, Fumihiko},
doi = {10.1109/Agile.2008.26},
file = {:home/bjodol/Dropbox/Fordypningsprosjekter h\o st 2014/Ferdig artikkels\o k Alf og Bj\o rn Score 7 og opp/Practices of an Agile Team.pdf:pdf},
isbn = {978-0-7695-3321-6},
journal = {Agile 2008 Conference},
pages = {373--377},
publisher = {Ieee},
title = {{Practices of an Agile Team}},
url = {http://ieeexplore.ieee.org/lpdocs/epic03/wrapper.htm?arnumber=4599508},
year = {2008}
}
@article{Birk2002,
annote = {Used post mortem as keyword with citetions sorting from the ACM database},
author = {Birk, a. and Dingsoyr, T. and Stalhane, T.},
doi = {10.1109/MS.2002.1003452},
file = {:home/bjodol/.local/share/data/Mendeley Ltd./Mendeley Desktop/Downloaded/Birk, Dingsoyr, Stalhane - 2002 - Postmortem never leave a project without it.pdf:pdf},
issn = {0740-7459},
journal = {IEEE Software},
month = may,
number = {3},
pages = {43--45},
title = {{Postmortem: never leave a project without it}},
url = {http://ieeexplore.ieee.org/lpdocs/epic03/wrapper.htm?arnumber=1003452},
volume = {19},
year = {2002}
}
@article{Stray2012,
author = {Stray, Viktoria Gulliksen and Moe, Nils Brede and Aurum, Aybuke},
doi = {10.1109/SEAA.2012.16},
file = {:home/bjodol/Dropbox/Fordypningsprosjekter h\o st 2014/Ferdig artikkels\o k Alf og Bj\o rn Score 7 og opp/Investigating Daily Team Meetings in Agile Software Projects.pdf:pdf},
isbn = {978-0-7695-4790-9},
journal = {2012 38th Euromicro Conference on Software Engineering and Advanced Applications},
keywords = {agile software development,case study,communication,coordination,daily meeting,decision-making,scrum,software engineering,stand-up meeting},
month = sep,
pages = {274--281},
publisher = {Ieee},
title = {{Investigating Daily Team Meetings in Agile Software Projects}},
url = {http://ieeexplore.ieee.org/lpdocs/epic03/wrapper.htm?arnumber=6328161},
year = {2012}
}
@article{Maham2008,
author = {Maham, Michael},
doi = {10.1109/Agile.2008.60},
file = {:home/bjodol/Dropbox/Fordypningsprosjekter h\o st 2014/Ferdig artikkels\o k Alf og Bj\o rn Score 7 og opp/Planning and Facilitating Release Retrospectives.pdf:pdf},
isbn = {978-0-7695-3321-6},
journal = {Agile 2008 Conference},
pages = {176--180},
publisher = {Ieee},
title = {{Planning and Facilitating Release Retrospectives}},
url = {http://ieeexplore.ieee.org/lpdocs/epic03/wrapper.htm?arnumber=4599472},
year = {2008}
}
@article{Drury2011,
author = {Drury, Meghann and Conboy, Kieran and Power, Ken},
doi = {10.1109/AGILE.2011.27},
file = {:home/bjodol/Dropbox/Fordypningsprosjekter h\o st 2014/Ferdig artikkels\o k Alf og Bj\o rn Score 7 og opp/Decision Makin in Agile Development A Focus Group Study of Decisions and Obstacles.pdf:pdf},
isbn = {978-1-61284-426-8},
journal = {2011 AGILE Conference},
keywords = {-component,decision making,decision obstacles,retrospective,sprint decisions,sprint planning},
month = aug,
pages = {39--47},
publisher = {Ieee},
title = {{Decision Making in Agile Development: A Focus Group Study of Decisions and Obstacles}},
url = {http://ieeexplore.ieee.org/lpdocs/epic03/wrapper.htm?arnumber=6005504},
year = {2011}
}
@article{Bjørnson2009,
annote = {Used post mortem as keyword with no sorting from the ACM database},
author = {Bj\o rnson, Finn Olav and Wang, Alf Inge and Arisholm, Erik},
doi = {10.1016/j.infsof.2008.02.003},
file = {:home/bjodol/.local/share/data/Mendeley Ltd./Mendeley Desktop/Downloaded/Bj\o rnson, Wang, Arisholm - 2009 - Improving the effectiveness of root cause analysis in post mortem analysis A controlled experiment.pdf:pdf},
issn = {09505849},
journal = {Information and Software Technology},
keywords = {controlled experiment,knowledge management,post mortem analysis,retrospective method,software process improvement},
month = jan,
number = {1},
pages = {150--161},
title = {{Improving the effectiveness of root cause analysis in post mortem analysis: A controlled experiment}},
url = {http://linkinghub.elsevier.com/retrieve/pii/S095058490800030X},
volume = {51},
year = {2009}
}
@article{Dingsøyr2005,
annote = {Used snowball search from Improving the effectiveness of root cause analysis in post mortem analysis. },
author = {Dings\o yr, Torgeir},
doi = {10.1016/j.infsof.2004.08.008},
file = {:home/bjodol/.local/share/data/Mendeley Ltd./Mendeley Desktop/Downloaded/Dings\o yr - 2005 - Postmortem reviews purpose and approaches in software engineering.pdf:pdf},
issn = {09505849},
journal = {Information and Software Technology},
keywords = {knowledge management,postmortem review,software engineering},
month = mar,
number = {5},
pages = {293--303},
title = {{Postmortem reviews: purpose and approaches in software engineering}},
url = {http://linkinghub.elsevier.com/retrieve/pii/S0950584904001296},
volume = {47},
year = {2005}
}
@article{Hanssen2003,
author = {Hanssen, Geir Kjetil and Moe, Nils Brede},
file = {:home/bjodol/Dropbox/Fordypningsprosjekter h\o st 2014/Ferdig artikkels\o k Alf og Bj\o rn Score 7 og opp/Post Mortem an assesment of two approaches.pdf:pdf},
pages = {129--141},
title = {{Post Mortem – An Assessment of Two Approaches}},
year = {2003}
}
